@inproceedings{thompson+:spot,
  title={Analyzing Mobile Application Software Power Consumption via Model-Driven Engineering},
  author={Thompson, C. and Turner, H. and White, J. and Schmidt, DC},
  booktitle={Proceedings of the $1^{st}$ International Conference on Pervasive and Embedded Computing and Communication Systems},
  year={2011}
}

@article{noureddine+:review,
  title={A review of middleware approaches for energy management in distributed environments},
  author={Noureddine, A. and Rouvoy, R. and Seinturier, L.},
  journal={Software: Practice and Experience},
  year={2012},
  publisher={Wiley Online Library}
}

@inproceedings{noureddine+:powerapi,
  title={Runtime monitoring of software energy hotspots},
  author={Noureddine, A. and Bourdon, A. and Rouvoy, R. and Seinturier, L.},
  booktitle={Proceedings of the $27^{th}$ IEEE/ACM International Conference on Automated Software Engineering (ASE '12)},
  year={2012},
}

@inproceedings{powertutor,
  title={Accurate online power estimation and automatic battery behavior based power model generation for smartphones},
  author={Zhang, L. and Tiwana, B. and Qian, Z. and Wang, Z. and Dick, R.P. and Mao, Z.M. and Yang, L.},
  booktitle={Proceedings of the 8$^{th}$ IEEE/ACM/IFIP International Conference on Hardware/Software Codesign and System Synthesis (CODES '10)},  
  year={2010},
}
@inproceedings{ferris+:onebusaway,
 author = {Ferris, Brian and Watkins, Kari and Borning, Alan},
 title = {{OneBusAway}: results from providing real-time arrival information for public transit},
 booktitle = {Proceedings of the 28$^{th}$ International Conference on Human Factors in Computing Systems (CHI '10)},
 year = {2010},
}

@misc{facebook,
author={{Facebook Mobile}}, 
title={Facebook for Every Phone},
month={July},
year={2011},
}

@inproceedings{liu2012energy,
  title={Energy-efficient synchronization through program patterns},
  author={Liu, Y.D.},
  booktitle={Proceedings of the 1$^{st}$ International Workshop on Green and Sustainable Software (GREENS '12)},
  year={2012},
}

@misc{newyroktimes,
author={{New York Times}}, 
title={As Boom Lures App Creators, Tough Part Is Making a Living},
howpublished={http://www.nytimes.com/2012/11/18/business/as-boom-lures-app-creators-tough-part-is-making-a-living.html},
month={Nov. 17},
year={2012},
}

@article{krasner1988description,
  title={A description of the model-view-controller user interface paradigm in the smalltalk-80 system},
  author={Krasner, G.E. and Pope, S.T. and others},
  journal={Journal of object oriented programming},
  volume={1},
  number={3},
  pages={26--49},
  year={1988}
}



@INPROCEEDINGS{noble1997oct,
  author = {Brian D. Noble and M. Sayanarayanan and Dushyanth Narayanan and James
	Eric Tilton and Jason Flinn and Kevin R. Walker},
  title = {Agile Application-aware Adaptation for Mobility},
  booktitle = {Proceedings of the 16$^{th}$ ACM Symposium on Operating Systems Principles (SOSP '97)},
  year = {1997},
  month = {October},
}

@INPROCEEDINGS{flinn+:icdcs02, 
author={Flinn, J. and SoYoung Park and Satyanarayanan, M.}, 
booktitle={Proceedings of the 22$^{nd}$ International Conference on Distributed Computing Systems (ICDCS '02)}, 
title={Balancing performance, energy, and quality in pervasive computing}, 
year={2002}
}


@article{anand2005self,
  title={Self-tuning wireless network power management},
  author={Anand, M. and Nightingale, E.B. and Flinn, J.},
  journal={Wireless Networks},
  volume={11},
  number={4},
  pages={451--469},
  year={2005},
  publisher={Kluwer Academic Publishers}
}

@article{flinn1999energy,
  title={Energy-aware adaptation for mobile applications},
  author={Flinn, J. and Satyanarayanan, M.},
  journal={ACM SIGOPS Operating Systems Review},
  volume={33},
  number={5},
  pages={48--63},
  year={1999},
  publisher={ACM}
}

@techreport{flinn2001extending,
  title={Extending mobile computer battery life through energy-aware adaptation},
  author={Flinn, J.},
  year={2001},
  institution={DTIC Document}
}

@inproceedings{kravets1998power,
  title={Power management techniques for mobile communication},
  author={Kravets, R. and Krishnan, P.},
  booktitle={Proceedings of the 4$^{th}$  Annual ACM/IEEE International Conference on Mobile Computing and Networking (MobiCom '98)} ,
  year={1998},
  organization={ACM}
}

@article {yau+:realtime2004,
   author = {Yau, Stephen S. and Karim, Fariaz},
   affiliation = {Computer Science and Engineering Department Arizona State University Tempe AZ 85287 USA},
   title = {An Adaptive Middleware for Context-Sensitive Communications for Real-Time Applications in Ubiquitous Computing Environments},
   journal = {Real-Time Systems},
   publisher = {Springer Netherlands},
   issn = {0922-6443},
   keyword = {Computer Science},
   pages = {29-61},
   volume = {26},
   issue = {1},
   url = {http://dx.doi.org/10.1023/B:TIME.0000009305.62647.ee},
   note = {10.1023/B:TIME.0000009305.62647.ee},
   year = {2004}
}
@article{weissel2002cooperative,
  title={Cooperative {I/O}: A novel {I/O} semantics for energy-aware applications},
  author={Weissel, A. and Beutel, B. and Bellosa, F.},
  journal={ACM SIGOPS Operating Systems Review},
  volume={36},
  number={SI},
  pages={117--129},
  year={2002},
  publisher={ACM}
}

@inproceedings{shih2002wake,
  title={Wake on wireless: An event driven energy saving strategy for battery operated devices},
  author={Shih, E. and Bahl, P. and Sinclair, M.J.},
  booktitle={Proceedings of the 8th annual international conference on Mobile computing and networking},
  year={2002},
  organization={ACM}
}

@article{yuan2003energy,
  title={Energy-efficient soft real-time {CPU} scheduling for mobile multimedia systems},
  author={Yuan, W. and Nahrstedt, K.},
  journal={ACM SIGOPS Operating Systems Review},
  volume={37},
  number={5},
  pages={149--163},
  year={2003},
  publisher={ACM}
}

@inproceedings{ye2002energy,
  title={An energy-efficient {MAC} protocol for wireless sensor networks},
  author={Ye, W. and Heidemann, J. and Estrin, D.},
  booktitle={Proceedings of the 21$^{st}$ IEEE Computer and Communications (INFOCOM '02)},
  volume={3},
  year={2002},
  organization={IEEE}
}

@article{muruganathan2005centralized,
  title={A centralized energy-efficient routing protocol for wireless sensor networks},
  author={Muruganathan, S.D. and Ma, D.C.F. and Bhasin, R.I. and Fapojuwo, A.O.},
  journal={Communications Magazine, IEEE},
  volume={43},
  number={3},
  pages={S8--13},
  year={2005},
  publisher={IEEE}
}

@MISC{phonegap,	
  title = {{PhoneGap}},
  howpublished = {\url{http://phonegap.com/}},    
}

@MISC{monsoon,	 
  author = {{Monsoon Solutions Inc.}},
  title = {Monsoon Power Monitor},
  howpublished = {\url{http://www.msson.com/}},    
}


@misc{bloomberg,
author={{Bloomberg News}}, 
title={{Smartphones in use surpass one billion, will double by 2015}},
howpublished = {Website},
note = {\url{http://www.bloomberg.com/news/2012-10-17/smartphones-in-use-surpass-1-billion-will-double-by-2015.html}},
month={October},
year={2012},
}


@misc{opower,
author={{Opower}}, 
title={How much does it cost to charge an {iPhone6}? {A} remarkably slender \$0.47/year},
howpublished = {Website},
note ={\url{http://blog.opower.com/2014/09/iphone-6-charging-47-cents//}},
month={Sept.},
year={2014},
}

@inproceedings{seo2008framework,
  title={A framework for estimating the impact of a distributed software system's architectural style on its energy consumption},
  author={Seo, C. and Edwards, G. and Malek, S. and Medvidovic, N.},
  booktitle={Proceedings of the 7$^{th}$ Working IEEE/IFIP Conference on Software Architecture (WICSA '08)},  
  year={2008},
}

@inproceedings{srikantaiah2008energy,
  title={Energy aware consolidation for cloud computing},
  author={Srikantaiah, S. and Kansal, A. and Zhao, F.},
  booktitle={Proceedings of the Conference on Power Aware Computing and Systems},
  year={2008},
  organization={USENIX Association}
}

@inproceedings{gotz2010towards,
  title={Towards energy auto tuning},
  author={G{\"o}tz, S. and Wilke, C. and Schmidt, M. and Cech, S. and A{\ss}mann, U.},
  booktitle={Proceedings of 1$^{st}$ Annual International Conference on Green Information Technology (GREEN IT'10)},
  year={2010}
}


@inproceedings{cuervo+:mobisys10,
 author = {Cuervo, Eduardo and Balasubramanian, Aruna and Cho, Dae-Ki and Wolman, Alec and Saroiu, Stefan and Chandra, Ranveer and Bahl, Paramvir},
 title = {MAUI: making smartphones last longer with code offload},
 booktitle = {Proceedings of the 8$^{th}$ International Conference on Mobile Systems, Applications, and Services (MobiSys '10)}, 
 year = {2010},
}


@inproceedings{chun+:eurosys11,
 author = {Chun, Byung-Gon and Ihm, Sunghwan and Maniatis, Petros and Naik, Mayur and Patti, Ashwin},
 title = {{CloneCloud}: elastic execution between mobile device and cloud},
 booktitle = {Proceedings of the 6$^{th}$ ACM European Conference on Computer Systems (EuroSys '11)},
 year = {2011},
}


@article{cloudlet09,
 author = {Mahadev Satyanarayanan and Victor Bahl and Ramon Caceres and Nigel Davies},
 title = {The Case for {VM}-based Cloudlets in Mobile Computing},
 journal ={IEEE Pervasive Computing}, 
 	volume={8},
  number={4},
  pages={14--23},
  year={2009},
  publisher={IEEE}
}

@inproceedings{miettinen2010energy,
  title={Energy efficiency of mobile clients in cloud computing},
  author={Miettinen, A.P. and Nurminen, J.K.},
  booktitle={Proceedings of the 2$^{nd}$ USENIX conference on Hot Topics in Cloud Computing},
  year={2010}
}

@inproceedings{wen2012energy,
	author={Yonggang Wen and Weiwen Zhang and Haiyun Luo}, 
	booktitle={Proceedings of the 32$^{nd}$ IEEE Computer and Communications (INFOCOM '12)}, 
	title={Energy-optimal mobile application execution: Taming resource-poor mobile devices with cloud clones}, 
  year={2012},
}

@inproceedings{qian2011profiling,
  title={Profiling resource usage for mobile applications: a cross-layer approach},
  author={Qian, F. and Wang, Z. and Gerber, A. and Mao, Z. and Sen, S. and Spatscheck, O.},
  booktitle={Proceedings of the 9$^{th}$ International Conference on Mobile Systems, Applications, and Services (MobiSys '11)},
  pages={321--334},
  year={2011},
  organization={ACM}
}

@inproceedings{pathak2011fine,
  title={Fine-grained power modeling for smartphones using system call tracing},
  author={Pathak, A. and Hu, Y.C. and Zhang, M. and Bahl, P. and Wang, Y.M.},
  booktitle={Proceedings of the 6$^{th}$ ACM European Conference on Computer Systems (EuroSys '11)},
  pages={153--168},
  year={2011},
  organization={ACM}
}

@article{stemm1997measuring,
  title={Measuring and reducing energy consumption of network interfaces in hand-held devices},
  author={Stemm, M. and others},
  journal={IEICE Transactions on Communications},
  volume={80},
  number={8},
  pages={1125--1131},
  year={1997},
  publisher={The Institute of Electronics, Information and Communication Engineers}
}

@inproceedings{bunse2009exploring,
  title={Exploring the energy consumption of data sorting algorithms in embedded and mobile environments},
  author={Bunse, C. and Hopfner, H. and Mansour, E. and Roychoudhury, S.},
  booktitle={Proceedings of the 10$^{th}$ International Conference on the Mobile Data Management: Systems, Services and Middleware (MDM '09)},
  year={2009},
}

@inproceedings{pathak2012energy,
  title={Where is the energy spent inside my app?: fine grained energy accounting on smartphones with eprof},
  author={Pathak, A. and Hu, Y.C. and Zhang, M.},
  booktitle={Proceedings of the 7$^{th}$ ACM European Conference on Computer Systems (EuroSys '12)},
  year={2012},
  organization={ACM}
}

@article{ledeczi2001composing,
  title={Composing domain-specific design environments},
  author={L{\'e}deczi, {\'A}. and Bakay, A. and Maroti, M. and Volgyesi, P. and Nordstrom, G. and Sprinkle, J. and Karsai, G.},
  journal={Computer},
  volume={34},
  number={11},
  pages={44--51},
  year={2001},
  publisher={IEEE}
}

@article{penti2010, 
author={Pentikousis, K.}, 
journal={Communications Magazine, IEEE}, 
title={In search of energy-efficient mobile networking}, 
year={2010}, 
month={January}, 
volume={48}, 
number={1}, 
pages={95--103}
}