@inproceedings{bhattacharyya:2013:icnc,
 author = {Bhattacharyya, Abhijan and Bandyopadhyay, Soma},
 title = {Lightweight Internet Protocols for Web Enablement of Sensors Using Constrained Gateway Devices},
 booktitle = {Proceedings of the 2013 International Conference on Computing, Networking and Communications (ICNC)},
 year = {2013},
} 

@INPROCEEDINGS{caro:2013:scvt, 
author={De Caro, N. and Colitti, W. and Steenhaut, K. and Mangino, G. and Reali, G.}, 
booktitle={2013 IEEE 20th Symposium on Communications and Vehicular Technology in the Benelux (SCVT)}, 
title={Comparison of two lightweight protocols for smartphone-based sensing}, 
year={2013}, 
}

@INPROCEEDINGS{collina:2014:spsc, 
author={Collina, M. and Bartolucci, M. and Vanelli-Coralli, A. and Corazza, G.E.}, 
booktitle={2014 7th Advanced Satellite Multimedia Systems Conference and the 13th Signal Processing for Space Communications Workshop (ASMS/SPSC)}, 
title={Internet of Things application layer protocol analysis over error and delay prone links}, 
year={2014}, 
}

@INPROCEEDINGS{durkop:2015:icin, 
author={Durkop, L. and Czybik, B. and Jasperneite, J.}, 
booktitle={2015 18th International Conference on Intelligence in Next Generation Networks (ICIN)}, 
title={Performance evaluation of M2M protocols over cellular networks in a lab environment}, 
year={2015}, 
}

@INPROCEEDINGS{thangavel:2014:issnip, 
author={Thangavel, D. and Xiaoping Ma and Valera, A. and Hwee-Xian Tan and Tan, C.K.-Y.}, 
booktitle={2014 IEEE Ninth International Conference on Intelligent Sensors, Sensor Networks and Information Processing (ISSNIP), }, 
title={Performance evaluation of MQTT and CoAP via a common middleware}, 
year={2014}
}

@article{kwon+:infsof2013,
 author = {Young-Woo Kwon and Eli Tilevich},
 title = {The Impact of Distributed Programming Abstractions on Application Energy Consumption},
 journal = {Information and Software Technology}, 
 doi = {http://dx.doi.org/10.1016/j.infsof.2013.02.014},
 publisher = {Elsevier},
 year={2013},
}


@misc{ponte,
title = {{Ponte Eclipse Project}},
url = {http://eclipse.org/ponte},
year = {2013},
}


@article{shelby2014constrained,
  title={The constrained application protocol {(CoAP)}},
  author={Shelby, Zach and Hartke, Klaus and Bormann, Carsten},
  year={2014}
}

@article{fette2011websocket,
  title={The {W}ebsocket {P}rotocol},
  author={Fette, Ian and Melnikov, Alexey},
  year={2011}
}

@STANDARD{mqtt,
  author = {OASIS},
  title = {MQTT Version 3.1.1},
  year = {2014}
}


@misc{mqtt-sn,
  title={MQTT For Sensor Networks {(MQTT-SN)} Protocol Specification Version 1.2},
  author={Stanford-Clark, Andy and Truong, Hong Linh},
  year={2013}
}


@misc{gartner13,
author={{Gartner, Inc.}}, 
title={{Gartner Says the Internet of Things Installed Base Will Grow to 26 Billion Units By 2020}},
month={Dec.},
year={2013},
}


@misc{abb13,
author={{ABB Research}}, 
title={{30 Billion Devices Will Wirelessly Connect to the Internet of Everything in 2020}},
month={May},
year={2013},
}

@inproceedings{abowd1999towards,
  title={Towards a better understanding of context and context-awareness},
  author={Abowd, Gregory D and Dey, Anind K and Brown, Peter J and Davies, Nigel and Smith, Mark and Steggles, Pete},
  booktitle={Handheld and ubiquitous computing},
  year={1999},
}

@article{kwon2011middleware,
  title={Which middleware platform should you choose for your next remote service?},
  author={Kwon, Young-Woo and Tilevich, Eli and Cook, William R},
  journal={Service Oriented Computing and Applications},
  volume={5},
  number={2},
  pages={61--70},
  year={2011},
  publisher={Springer}
}